<?xml version="1.0" encoding="UTF-8"?><Document xmlns="urn:iso:std:iso:20022:tech:xsd:camt.053.001.02">
    <BkToCstmrStmt>
        <GrpHdr>
            <MsgId>SUBASKBX-2023-02-02-2023/033</MsgId>
            <CreDtTm>2023-02-02T03:42:57.775+01:00</CreDtTm>
            <MsgRcpt>
                <Nm>YellowNET, s.r.o.</Nm>
                <PstlAdr>
                    <StrtNm>DOJC 337</StrtNm>
                    <PstCd>90602</PstCd>
                    <TwnNm>DOJC</TwnNm>
                    <Ctry>SK</Ctry>
                </PstlAdr>
            </MsgRcpt>
            <MsgPgntn>
                <PgNb>1</PgNb>
                <LastPgInd>true</LastPgInd>
            </MsgPgntn>
            <AddtlInf>Denne</AddtlInf>
        </GrpHdr>
        <Stmt>
            <Id>SK0702000000002278166653-2023-02-01</Id>
            <LglSeqNb>033</LglSeqNb>
            <CreDtTm>2023-02-02T03:42:57.775+01:00</CreDtTm>
            <FrToDt>
                <FrDtTm>2023-02-01T00:00:00.000+01:00</FrDtTm>
                <ToDtTm>2023-02-01T00:00:00.000+01:00</ToDtTm>
            </FrToDt>
            <Acct>
                <Id>
                    <IBAN>SK0702000000002278166653</IBAN>
                </Id>
                <Tp>
                    <Cd>CACC</Cd>
                </Tp>
                <Ccy>EUR</Ccy>
                <Nm>YellowNET, s.r.o.</Nm>
                <Ownr>
                    <PstlAdr>
                        <StrtNm>DOJC 337</StrtNm>
                        <PstCd>90602</PstCd>
                        <TwnNm>DOJC</TwnNm>
                        <Ctry>SK</Ctry>
                    </PstlAdr>
                </Ownr>
                <Svcr>
                    <FinInstnId>
                        <BIC>SUBASKBX</BIC>
                        <Nm>Vseobecna uverova banka a.s.</Nm>
                        <PstlAdr>
                            <StrtNm>Mlynske nivy</StrtNm>
                            <BldgNb>1</BldgNb>
                            <PstCd>82990</PstCd>
                            <TwnNm>Bratislava 25</TwnNm>
                            <Ctry>SK</Ctry>
                        </PstlAdr>
                    </FinInstnId>
                </Svcr>
            </Acct>
            <Bal>
                <Tp>
                    <CdOrPrtry>
                        <Cd>PRCD</Cd>
                    </CdOrPrtry>
                </Tp>
                <Amt Ccy="EUR">556.15</Amt>
                <CdtDbtInd>CRDT</CdtDbtInd>
                <Dt>
                    <Dt>2023-02-01</Dt>
                </Dt>
            </Bal>
            <Bal>
                <Tp>
                    <CdOrPrtry>
                        <Cd>CLBD</Cd>
                    </CdOrPrtry>
                </Tp>
                <Amt Ccy="EUR">50.32</Amt>
                <CdtDbtInd>CRDT</CdtDbtInd>
                <Dt>
                    <Dt>2023-02-01</Dt>
                </Dt>
            </Bal>
            <Bal>
                <Tp>
                    <CdOrPrtry>
                        <Cd>CLAV</Cd>
                    </CdOrPrtry>
                </Tp>
                <Amt Ccy="EUR">50.32</Amt>
                <CdtDbtInd>CRDT</CdtDbtInd>
                <Dt>
                    <Dt>2023-02-02</Dt>
                </Dt>
            </Bal>
            <TxsSummry>
                <TtlNtries>
                    <NbOfNtries>7</NbOfNtries>
                    <Sum>723.83</Sum>
                    <TtlNetNtryAmt>-505.83</TtlNetNtryAmt>
                    <CdtDbtInd>DBIT</CdtDbtInd>
                </TtlNtries>
                <TtlCdtNtries>
                    <NbOfNtries>4</NbOfNtries>
                    <Sum>109</Sum>
                </TtlCdtNtries>
                <TtlDbtNtries>
                    <NbOfNtries>3</NbOfNtries>
                    <Sum>614.83</Sum>
                </TtlDbtNtries>
            </TxsSummry>
            <Ntry>
                <NtryRef>5541545325</NtryRef>
                <Amt Ccy="EUR">10</Amt>
                <CdtDbtInd>CRDT</CdtDbtInd>
                <RvslInd>false</RvslInd>
                <Sts>BOOK</Sts>
                <BookgDt>
                    <Dt>2023-02-01</Dt>
                </BookgDt>
                <ValDt>
                    <Dt>2023-02-01</Dt>
                </ValDt>
                <BkTxCd>
                    <Prtry>
                        <Cd>10000403013</Cd>
                        <Issr>SBA</Issr>
                    </Prtry>
                </BkTxCd>
                <NtryDtls>
                    <TxDtls>
                        <Refs>
                            <InstrId>2302010IE3GSM</InstrId>
                            <EndToEndId>/VS13045/SS/KS308</EndToEndId>
                        </Refs>
                        <AmtDtls>
                            <InstdAmt>
                                <Amt Ccy="EUR">10</Amt>
                            </InstdAmt>
                        </AmtDtls>
                        <RltdPties>
                            <Dbtr>
                                <Nm>Kristina Burianova</Nm>
                                <PstlAdr>
                                    <StrtNm>Zemanska 1745/61A</StrtNm>
                                    <TwnNm>90877 Borsky Mikulas</TwnNm>
                                    <Ctry>SK</Ctry>
                                </PstlAdr>
                                <Id>
                                    <OrgId>
                                        <BICOrBEI>SUBASKBX</BICOrBEI>
                                    </OrgId>
                                </Id>
                            </Dbtr>
                            <DbtrAcct>
                                <Id>
                                    <IBAN>SK2302000000002319909151</IBAN>
                                </Id>
                            </DbtrAcct>
                            <Cdtr>
                                <Nm>Internet</Nm>
                                <PstlAdr>
                                    <Ctry>SK</Ctry>
                                </PstlAdr>
                                <Id>
                                    <OrgId>
                                        <BICOrBEI>SUBASKBX</BICOrBEI>
                                    </OrgId>
                                </Id>
                            </Cdtr>
                            <CdtrAcct>
                                <Id>
                                    <IBAN>SK0702000000002278166653</IBAN>
                                </Id>
                            </CdtrAcct>
                        </RltdPties>
                        <RltdAgts>
                            <DbtrAgt>
                                <FinInstnId>
                                    <BIC>SUBASKBX</BIC>
                                </FinInstnId>
                            </DbtrAgt>
                            <CdtrAgt>
                                <FinInstnId>
                                    <BIC>SUBASKBX</BIC>
                                </FinInstnId>
                            </CdtrAgt>
                        </RltdAgts>
                        <RmtInf>
                            <Ustrd>Internet</Ustrd>
                        </RmtInf>
                        <AddtlTxInf>Internet</AddtlTxInf>
                    </TxDtls>
                </NtryDtls>
            </Ntry>
            <Ntry>
                <NtryRef>5542327641</NtryRef>
                <Amt Ccy="EUR">84</Amt>
                <CdtDbtInd>CRDT</CdtDbtInd>
                <RvslInd>false</RvslInd>
                <Sts>BOOK</Sts>
                <BookgDt>
                    <Dt>2023-02-01</Dt>
                </BookgDt>
                <ValDt>
                    <Dt>2023-02-01</Dt>
                </ValDt>
                <BkTxCd>
                    <Prtry>
                        <Cd>10000405017</Cd>
                        <Issr>SBA</Issr>
                    </Prtry>
                </BkTxCd>
                <NtryDtls>
                    <TxDtls>
                        <Refs>
                            <InstrId>3250000019141</InstrId>
                            <EndToEndId>/VS102230001/SS4104/KS</EndToEndId>
                        </Refs>
                        <AmtDtls>
                            <InstdAmt>
                                <Amt Ccy="EUR">84</Amt>
                            </InstdAmt>
                            <CntrValAmt>
                                <Amt Ccy="EUR">84</Amt>
                                <CcyXchg>
                                    <SrcCcy>EUR</SrcCcy>
                                    <TrgtCcy>EUR</TrgtCcy>
                                    <XchgRate>0</XchgRate>
                                </CcyXchg>
                            </CntrValAmt>
                        </AmtDtls>
                        <RltdPties>
                            <Dbtr>
                                <Nm>JUDr. Ladislav Dordovic - Exekutorsky urad</Nm>
                                <PstlAdr>
                                    <Ctry>SK</Ctry>
                                </PstlAdr>
                                <Id>
                                    <OrgId>
                                        <BICOrBEI>GIBASKBXXXX</BICOrBEI>
                                    </OrgId>
                                </Id>
                            </Dbtr>
                            <DbtrAcct>
                                <Id>
                                    <IBAN>SK2609000000005041203413</IBAN>
                                </Id>
                            </DbtrAcct>
                            <Cdtr>
                                <Nm>YellowNet, s.r.o.</Nm>
                                <Id>
                                    <OrgId>
                                        <BICOrBEI>SUBASKBX</BICOrBEI>
                                    </OrgId>
                                </Id>
                            </Cdtr>
                            <CdtrAcct>
                                <Id>
                                    <IBAN>SK0702000000002278166653</IBAN>
                                </Id>
                            </CdtrAcct>
                        </RltdPties>
                        <RltdAgts>
                            <DbtrAgt>
                                <FinInstnId>
                                    <BIC>GIBASKBXXXX</BIC>
                                </FinInstnId>
                            </DbtrAgt>
                            <CdtrAgt>
                                <FinInstnId>
                                    <BIC>SUBASKBX</BIC>
                                </FinInstnId>
                            </CdtrAgt>
                        </RltdAgts>
                    </TxDtls>
                </NtryDtls>
            </Ntry>
            <Ntry>
                <NtryRef>5542327643</NtryRef>
                <Amt Ccy="EUR">283.49</Amt>
                <CdtDbtInd>DBIT</CdtDbtInd>
                <RvslInd>false</RvslInd>
                <Sts>BOOK</Sts>
                <BookgDt>
                    <Dt>2023-02-01</Dt>
                </BookgDt>
                <ValDt>
                    <Dt>2023-02-01</Dt>
                </ValDt>
                <BkTxCd>
                    <Prtry>
                        <Cd>10000402018</Cd>
                        <Issr>SBA</Issr>
                    </Prtry>
                </BkTxCd>
                <NtryDtls>
                    <TxDtls>
                        <Refs>
                            <InstrId>2302011ZE0EPY</InstrId>
                            <EndToEndId>/VS1220000667/SS/KS308</EndToEndId>
                        </Refs>
                        <AmtDtls>
                            <InstdAmt>
                                <Amt Ccy="EUR">283.49</Amt>
                            </InstdAmt>
                        </AmtDtls>
                        <RltdPties>
                            <Dbtr>
                                <Nm>YellowNET, s.r.o.</Nm>
                                <PstlAdr>
                                    <StrtNm>Dojc 335</StrtNm>
                                    <TwnNm>90602 Dojc</TwnNm>
                                    <Ctry>SK</Ctry>
                                </PstlAdr>
                                <Id>
                                    <OrgId>
                                        <BICOrBEI>SUBASKBX</BICOrBEI>
                                    </OrgId>
                                </Id>
                            </Dbtr>
                            <DbtrAcct>
                                <Id>
                                    <IBAN>SK0702000000002278166653</IBAN>
                                </Id>
                            </DbtrAcct>
                            <Cdtr>
                                <Nm>ZELENA POSTA S. R. O.</Nm>
                                <Id>
                                    <OrgId>
                                        <BICOrBEI>SUBASKBX</BICOrBEI>
                                    </OrgId>
                                </Id>
                            </Cdtr>
                            <CdtrAcct>
                                <Id>
                                    <IBAN>SK5102000000003127074553</IBAN>
                                </Id>
                            </CdtrAcct>
                        </RltdPties>
                        <RltdAgts>
                            <DbtrAgt>
                                <FinInstnId>
                                    <BIC>SUBASKBX</BIC>
                                </FinInstnId>
                            </DbtrAgt>
                            <CdtrAgt>
                                <FinInstnId>
                                    <BIC>SUBASKBX</BIC>
                                </FinInstnId>
                            </CdtrAgt>
                        </RltdAgts>
                    </TxDtls>
                </NtryDtls>
            </Ntry>
            <Ntry>
                <NtryRef>5542327642</NtryRef>
                <Amt Ccy="EUR">282.44</Amt>
                <CdtDbtInd>DBIT</CdtDbtInd>
                <RvslInd>false</RvslInd>
                <Sts>BOOK</Sts>
                <BookgDt>
                    <Dt>2023-02-01</Dt>
                </BookgDt>
                <ValDt>
                    <Dt>2023-02-01</Dt>
                </ValDt>
                <BkTxCd>
                    <Prtry>
                        <Cd>10000402018</Cd>
                        <Issr>SBA</Issr>
                    </Prtry>
                </BkTxCd>
                <NtryDtls>
                    <TxDtls>
                        <Refs>
                            <InstrId>2302011ZKREPY</InstrId>
                            <EndToEndId>/VS1220000749/SS/KS308</EndToEndId>
                        </Refs>
                        <AmtDtls>
                            <InstdAmt>
                                <Amt Ccy="EUR">282.44</Amt>
                            </InstdAmt>
                        </AmtDtls>
                        <RltdPties>
                            <Dbtr>
                                <Nm>YellowNET, s.r.o.</Nm>
                                <PstlAdr>
                                    <StrtNm>Dojc 335</StrtNm>
                                    <TwnNm>90602 Dojc</TwnNm>
                                    <Ctry>SK</Ctry>
                                </PstlAdr>
                                <Id>
                                    <OrgId>
                                        <BICOrBEI>SUBASKBX</BICOrBEI>
                                    </OrgId>
                                </Id>
                            </Dbtr>
                            <DbtrAcct>
                                <Id>
                                    <IBAN>SK0702000000002278166653</IBAN>
                                </Id>
                            </DbtrAcct>
                            <Cdtr>
                                <Nm>ZELENA POSTA S. R. O.</Nm>
                                <Id>
                                    <OrgId>
                                        <BICOrBEI>SUBASKBX</BICOrBEI>
                                    </OrgId>
                                </Id>
                            </Cdtr>
                            <CdtrAcct>
                                <Id>
                                    <IBAN>SK5102000000003127074553</IBAN>
                                </Id>
                            </CdtrAcct>
                        </RltdPties>
                        <RltdAgts>
                            <DbtrAgt>
                                <FinInstnId>
                                    <BIC>SUBASKBX</BIC>
                                </FinInstnId>
                            </DbtrAgt>
                            <CdtrAgt>
                                <FinInstnId>
                                    <BIC>SUBASKBX</BIC>
                                </FinInstnId>
                            </CdtrAgt>
                        </RltdAgts>
                    </TxDtls>
                </NtryDtls>
            </Ntry>
            <Ntry>
                <NtryRef>5541545324</NtryRef>
                <Amt Ccy="EUR">5</Amt>
                <CdtDbtInd>CRDT</CdtDbtInd>
                <RvslInd>false</RvslInd>
                <Sts>BOOK</Sts>
                <BookgDt>
                    <Dt>2023-02-01</Dt>
                </BookgDt>
                <ValDt>
                    <Dt>2023-02-01</Dt>
                </ValDt>
                <BkTxCd>
                    <Prtry>
                        <Cd>10000403011</Cd>
                        <Issr>SBA</Issr>
                    </Prtry>
                </BkTxCd>
                <NtryDtls>
                    <TxDtls>
                        <Refs>
                            <EndToEndId>/VS4078/SS/KS</EndToEndId>
                        </Refs>
                        <AmtDtls>
                            <InstdAmt>
                                <Amt Ccy="EUR">5</Amt>
                            </InstdAmt>
                        </AmtDtls>
                        <RltdPties>
                            <Dbtr>
                                <Nm>Jozef Barkoci</Nm>
                                <PstlAdr>
                                    <StrtNm>Bahenska 5117/34</StrtNm>
                                    <TwnNm>90501 Senica</TwnNm>
                                    <Ctry>SK</Ctry>
                                </PstlAdr>
                                <Id>
                                    <OrgId>
                                        <BICOrBEI>SUBASKBXXXX</BICOrBEI>
                                    </OrgId>
                                </Id>
                            </Dbtr>
                            <DbtrAcct>
                                <Id>
                                    <IBAN>SK8402000000002853236751</IBAN>
                                </Id>
                            </DbtrAcct>
                            <Cdtr>
                                <Nm>*YELLOWNET,S.R.O.</Nm>
                                <Id>
                                    <OrgId>
                                        <BICOrBEI>SUBASKBX</BICOrBEI>
                                    </OrgId>
                                </Id>
                            </Cdtr>
                            <CdtrAcct>
                                <Id>
                                    <IBAN>SK0702000000002278166653</IBAN>
                                </Id>
                            </CdtrAcct>
                        </RltdPties>
                        <RltdAgts>
                            <DbtrAgt>
                                <FinInstnId>
                                    <BIC>SUBASKBXXXX</BIC>
                                </FinInstnId>
                            </DbtrAgt>
                            <CdtrAgt>
                                <FinInstnId>
                                    <BIC>SUBASKBX</BIC>
                                </FinInstnId>
                            </CdtrAgt>
                        </RltdAgts>
                        <AddtlTxInf>JOZEF BARKOCI</AddtlTxInf>
                    </TxDtls>
                </NtryDtls>
            </Ntry>
            <Ntry>
                <NtryRef>5541568781</NtryRef>
                <Amt Ccy="EUR">10</Amt>
                <CdtDbtInd>CRDT</CdtDbtInd>
                <RvslInd>false</RvslInd>
                <Sts>BOOK</Sts>
                <BookgDt>
                    <Dt>2023-02-01</Dt>
                </BookgDt>
                <ValDt>
                    <Dt>2023-02-01</Dt>
                </ValDt>
                <BkTxCd>
                    <Prtry>
                        <Cd>10000403014</Cd>
                        <Issr>SBA</Issr>
                    </Prtry>
                </BkTxCd>
                <NtryDtls>
                    <TxDtls>
                        <Refs>
                            <EndToEndId>/VS13057/SS/KS308</EndToEndId>
                        </Refs>
                        <AmtDtls>
                            <InstdAmt>
                                <Amt Ccy="EUR">10</Amt>
                            </InstdAmt>
                        </AmtDtls>
                        <RltdPties>
                            <Dbtr>
                                <Nm>Peter Drinka</Nm>
                                <PstlAdr>
                                    <StrtNm>Na humnisku 1771/41</StrtNm>
                                    <TwnNm>90877 Borsky Mikulas</TwnNm>
                                    <Ctry>SK</Ctry>
                                </PstlAdr>
                                <Id>
                                    <OrgId>
                                        <BICOrBEI>SUBASKBXXXX</BICOrBEI>
                                    </OrgId>
                                </Id>
                            </Dbtr>
                            <DbtrAcct>
                                <Id>
                                    <IBAN>SK6302000000003478740853</IBAN>
                                </Id>
                            </DbtrAcct>
                            <Cdtr>
                                <Nm>Yellownet</Nm>
                                <Id>
                                    <OrgId>
                                        <BICOrBEI>SUBASKBX</BICOrBEI>
                                    </OrgId>
                                </Id>
                            </Cdtr>
                            <CdtrAcct>
                                <Id>
                                    <IBAN>SK0702000000002278166653</IBAN>
                                </Id>
                            </CdtrAcct>
                        </RltdPties>
                        <RltdAgts>
                            <DbtrAgt>
                                <FinInstnId>
                                    <BIC>SUBASKBXXXX</BIC>
                                </FinInstnId>
                            </DbtrAgt>
                            <CdtrAgt>
                                <FinInstnId>
                                    <BIC>SUBASKBX</BIC>
                                </FinInstnId>
                            </CdtrAgt>
                        </RltdAgts>
                        <RmtInf>
                            <Ustrd>Drinka peter internet</Ustrd>
                        </RmtInf>
                        <AddtlTxInf>Drinka peter internet</AddtlTxInf>
                    </TxDtls>
                </NtryDtls>
            </Ntry>
            <Ntry>
                <NtryRef>5542327640</NtryRef>
                <Amt Ccy="EUR">48.9</Amt>
                <CdtDbtInd>DBIT</CdtDbtInd>
                <RvslInd>false</RvslInd>
                <Sts>BOOK</Sts>
                <BookgDt>
                    <Dt>2023-02-01</Dt>
                </BookgDt>
                <ValDt>
                    <Dt>2023-02-01</Dt>
                </ValDt>
                <BkTxCd>
                    <Prtry>
                        <Cd>40000605000</Cd>
                        <Issr>SBA</Issr>
                    </Prtry>
                </BkTxCd>
                <NtryDtls>
                    <TxDtls>
                        <Refs>
                            <EndToEndId>/VS/SS/KS</EndToEndId>
                        </Refs>
                        <RltdPties>
                            <Dbtr>
                                <Id>
                                    <OrgId>
                                        <BICOrBEI>SUBASKBX</BICOrBEI>
                                    </OrgId>
                                </Id>
                            </Dbtr>
                            <DbtrAcct>
                                <Id>
                                    <IBAN>SK0702000000002278166653</IBAN>
                                </Id>
                            </DbtrAcct>
                            <CdtrAcct>
                                <Id>
                                    <Othr>
                                        <Id>0</Id>
                                    </Othr>
                                </Id>
                            </CdtrAcct>
                        </RltdPties>
                        <RltdAgts>
                            <DbtrAgt>
                                <FinInstnId>
                                    <BIC>SUBASKBX</BIC>
                                </FinInstnId>
                            </DbtrAgt>
                        </RltdAgts>
                        <RmtInf>
                            <Ustrd>Poplatky Nonstop banking - SMS</Ustrd>
                        </RmtInf>
                        <AddtlTxInf>Poplatky Nonstop banking - SMS</AddtlTxInf>
                    </TxDtls>
                </NtryDtls>
            </Ntry>
        </Stmt>
    </BkToCstmrStmt>
</Document>